@inproceedings{shaham2018minimizing,
  title={Minimizing Node Expansions in Bidirectional Search with Consistent Heuristics},
  author={Shaham, Eshed and Felner, Ariel and Sturtevant, Nathan and Rosenschein, Jeffrei S},
  booktitle={Proceedings of the Eleventh International Symposium on Combinatorial Search (SoCS 2018)},
  pages={81--89},
  year={2018},
  publisher={AAAI Press}
}% DONE

@inproceedings{sturtevant2018history,
  title={A Brief History and Recent Achievements in Bidirectional Search},
  author={Sturtevant, Nathan  and Felner, Ariel},
  booktitle={Proceedings of the 32th AAAI Conference on Artificial Intelligence (AAAI 2018)},
  pages={8000--8006},
  year={2018},
  publisher={AAAI Press}
}% DONE

@Misc{lab2017,
  author =       {Jendrik Seipp and Florian Pommerening and
                  Silvan Sievers and Malte Helmert},
  title =        {{Downward} {Lab}},
  year =         {2017},
  doi =          {10.5281/zenodo.790461},
  url =          {https://doi.org/10.5281/zenodo.790461},
  howpublished = {\url{https://doi.org/10.5281/zenodo.790461}}
}

@inproceedings{chen2017nbs,
 author = {Chen, Jingwei and Holte, Robert Craig and Zilles, Sandra and Sturtevant, Nathan},
 title = {Front-to-end Bidirectional Heuristic Search with Near-optimal Node Expansions},
 booktitle = {Proceedings of the 26th International Joint Conference on Artificial Intelligence (IJCAI 2017)},
 year = {2017},
 isbn = {978-0-9992411-0-3},
 location = {Melbourne, Australia},
 pages = {489--495},
 numpages = {7},
 acmid = {3171713},
 publisher = {AAAI Press}
}% DONE



@inproceedings{jurgen2017sufficient,
  title={Sufficient Conditions for Node Expansion in Bidirectional Heuristic Search},
  author={Eckerle, Jürgen and Chen, Jingwei and Zilles, Sandra and Holte, Robert C},
  booktitle={Proceedings of the Twenty-Seventh International Conference on Automated Planning and Scheduling (ICAPS 2017)},
  pages={79--87},
  year={2017},
  publisher={AAAI Press}
}% DONE

@inproceedings{shaham2017fmm,
  title={The Minimal Set of States That Must be Expanded in a Front-to-End Bidirectional Search},
  author={Shaham, Eshed and Felner, Ariel and Chen, Jingwei and Sturtevant, Nathan},
  booktitle={Proceedings of the Tenth International Symposium on Combinatorial Search (SoCS 2017)},
  pages={82--90},
  year={2017},
  publisher={AAAI Press}
}% DONE

@inproceedings{holte2016mm,
  title={Bidirectional Search That Is Guaranteed to Meet in the Middle.},
  author={Holte, Robert Craig and Felner, Ariel and Sharon, Guni and Sturtevant, Nathan},
  booktitle={Proceedings of the 30th AAAI Conference on Artificial Intelligence (AAAI 2016)},
  pages={3411--3417},
  year={2016},
  publisher={AAAI Press}
}% DONE

@inproceedings{sharon2016mme,
  title={An Improved Priority Function for Bidirectional Heuristic Search},
  author={Sharon, Guni and Holte, Robert Craig and Felner, Ariel and Sturtevant, Nathan},
  booktitle={Ninth Annual Symposium on Combinatorial Search (SoCS 2016)},
  pages={139--140},
  year={2016},
  publisher={AAAI Press}
}%DONE

@inproceedings{torralba2016symba,
 title = {Abstraction Heuristics for Symbolic Bidirectional Search},
 author = {Torralba, \'{A}lvaro and L\'{o}pez, Carlos Linares and Borrajo, Daniel},
 booktitle = {Proceedings of the Twenty-Fifth International Joint Conference on Artificial Intelligence (IJCAI 2016)},
 year = {2016},
 pages = {3272--3278},
 numpages = {7},
 publisher = {AAAI Press}
}% DONE

@inproceedings{barker2015limitations,
  title={Limitations of Front-To-End Bidirectional Heuristic Search.},
  author={Barker, Joseph Kelly and Korf, Richard E},
  booktitle={Proceedings of the 29th AAAI Conference on Artificial Intelligence (AAAI 2015)},
  pages={1086--1092},
  year={2015},
  publisher={AAAI Press}
}%DONE

@article{vallati2015ipc,
  title={The 2014 international planning competition: Progress and trends},
  author={Vallati, Mauro and Chrpa, Lukas and Grze{\'s}, Marek and McCluskey, Thomas Leo and Roberts, Mark and Sanner, Scott and others},
  journal={Ai Magazine},
  volume={36},
  number={3},
  pages={90--98},
  year={2015}
}

@article{sturtevant2012benchmarks,
  title={Benchmarks for grid-based pathfinding},
  author={Sturtevant, Nathan},
  journal={Transactions on Computational Intelligence and AI in Games},
  volume={4},
  number={2},
  pages={144--148},
  year={2012},
  publisher={IEEE}
}%DONE

@book{edelkamp2011heuristicsearch,
  title={Heuristic Search: Theory and Applicaitons},
  author={Edelkamp, Stefan and Schrödl, Stefan},
  year={2011},
  publisher={Elsevier}
}% DONE

@inproceedings{helmert2010gap,
  title={Landmark heuristics for the pancake problem},
  author={Helmert, Malte},
  booktitle={Third Annual Symposium on Combinatorial Search (SoCS 2016)},
  pages={109--110},
  year={2010}
}% No publisher


@inproceedings{felner2010sfbds,
  title={Single-Frontier Bidirectional Search},
  author={Felner, Ariel and Moldenhauer, Carsten and Sturtevant, Nathan and Schaeffer, Jonathan},
  booktitle={Twenty-Fourth AAAI Conference on Artificial Intelligence (AAAI 2010)},
  pages={59--64},
  year={2010},
  publisher={AAAI Press}
}% DONE

@inproceedings{malte2009lmcut,
  title={Landmarks, critical paths and abstractions: what's the difference anyway?},
  author={Helmert, Malte and Domshlak, Carmel},
  booktitle={Proceedings of the Nine-Teenth International Conference on Automated Planning and Scheduling (ICAPS 2009)},
  pages={162--169},
  year={2009},
  publisher={AAAI Press}
}

@article{helmert2006fd,
 title={The fast downward planning system},
 author={Helmert, Malte},
 journal={Journal of Artificial Intelligence Research (JAIR)},
 volume={26},
 pages={191-246},
 year={2006}
}% DONE, no publisher

@book{ghallab2004,
 title={Automated Planning: Theory \& Practice.},
 author={Ghallab, Malik and Nau, Nau and Traverso, Paolo},
 year={2004},
 publisher={Elsevier}
}

@article{bonet2001hmax,
  title={Planning as heuristic search},
  author={Bonet, Blai and Geffner, H{\'e}ctor},
  journal={Artificial Intelligence},
  volume={129},
  number={1-2},
  pages={5--33},
  year={2001},
  publisher={Elsevier}
}

@inproceedings{edelkamp2014pdb,
  title={Planning with pattern databases},
  author={Edelkamp, Stefan},
  booktitle={Pre-proceedings of the Sixth European Conference on Planning (ECP 2001)},
  pages = {13-24},
  year={2001}
}

@inproceedings{haslum2000hm,
 author = {Haslum, Patrik and Geffner, H{\'e}ctor},
 title = {Admissible Heuristics for Optimal Planning},
 booktitle = {Proceedings of the Fifth International Conference on Artificial Intelligence Planning Systems (AIPS 2000)},
 year = {2000},
 isbn = {1-57735-111-8},
 location = {Breckenridge, CO, USA},
 pages = {140--149},
 numpages = {10},
 url = {http://dl.acm.org/citation.cfm?id=3090475.3090491},
 acmid = {3090491},
 publisher = {AAAI Press}
}

@article{kaindl1997reconsidered,
  title={Bidirectional heuristic search reconsidered},
  author={Kaindl, Hermann and Kainz, Gerhard},
  journal={Journal of Artificial Intelligence Research (JAIR)},
  volume={7},
  pages={283--317},
  year={1997}
}% DONE, no publisher

@article{manzini1995bida,
  title={{BIDA}*: an improved perimeter search algorithm},
  author={Manzini, Giovanni},
  journal={Artificial Intelligence},
  volume={75},
  number={2},
  pages={347--360},
  year={1995},
  publisher={Elsevier}
}% DONE

@article{backstrom1995complexity,
  title={Complexity results for SAS\nolinebreak\hspace{-.05em}\raisebox{.4ex}{\tiny\textbf{+}} planning},
  author={B{\"a}ckstr{\"o}m, Christer and Nebel, Bernhard},
  journal={Computational Intelligence},
  volume={11},
  number={4},
  pages={625--655},
  year={1995},
  publisher={Wiley Online Library}
}

@article{bylander1994,
 title={The computational complexity of propositional STRIPS planning.},
 author={Bylander, Tom},
 journal={Artificial Intelligence},
 volume={69},
 number={1-2},
 pages={165-204},
 year={1994}
}% DONE, no publisher

@article{kwa1989bs,
  title={{BS}*: An admissible bidirectional staged heuristic search algorithm},
  author={Kwa, James B H},
  journal={Artificial Intelligence},
  volume={38},
  number={1},
  pages={95--109},
  year={1989},
  publisher={Elsevier}
}

@article{brooks1987nsb,
 author = {Brooks,Jr., Frederick P.},
 title = {No Silver Bullet Essence and Accidents of Software Engineering},
 journal = {Computer},
 issue_date = {April 1987},
 volume = {20},
 number = {4},
 month = apr,
 year = {1987},
 issn = {0018-9162},
 pages = {10--19},
 numpages = {10},
 url = {https://doi.org/10.1109/MC.1987.1663532},
 doi = {10.1109/MC.1987.1663532},
 acmid = {26441},
 publisher = {IEEE Computer Society Press},
 address = {Los Alamitos, CA, USA}
} 

@article{korf1985depth,
  title={Depth-first iterative-deepening: An optimal admissible tree search},
  author={Korf, Richard E},
  journal={Artificial intelligence},
  volume={27},
  number={1},
  pages={97--109},
  year={1985},
  publisher={Elsevier}
}% DONE

@article{dechter1985astar,
  title={Generalized best-first search strategies and the optimality of {A}*},
  author={Dechter, Rina and Pearl, Judea},
  journal={Journal of the ACM (JACM)},
  volume={32},
  number={3},
  pages={505--536},
  year={1985},
  publisher={ACM}
}% DONE

@article{champeaux1983again,
  title={Bidirectional heuristic search again},
  author={De Champeaux, Dennis},
  journal={Journal of the ACM (JACM)},
  volume={30},
  number={1},
  pages={22--32},
  year={1983},
  publisher={ACM}
}% DONE

@book{nilsson1982ai,
  title={Principles of artificial intelligence},
  author={Nilsson, Nils J},
  year={1980},
  publisher={Springer}
}% DONE

@book{papa1982vertex,
  title={Combinatorial optimization: algorithms and complexity},
  author={Papadimitriou, Christos H and Steiglitz, Kenneth},
  year={1982},
  publisher={Courier Corporation}
}% DONE

@article{hopcroft1973bipartite,
  title={An $n^{5/2}$ algorithm for maximum matchings in bipartite graphs},
  author={Hopcroft, John E and Karp, Richard M},
  journal={SIAM Journal on computing},
  volume={2},
  number={4},
  pages={225--231},
  year={1973},
  publisher={SIAM}
}

@article{pohl1971bs,
  title={Bi-directional search},
  author={Pohl, Ira},
  journal={Machine Intelligence},
  volume={6},
  pages={127--149},
  year={1971}
}% DONE

@phdthesis{pohl1969bihs,
 author = {Pohl, Ira},
 title = {Bi-directional and Heuristic Search in Path Problems},
 year = {1969},
 school = {Stanford University}
}% DONE

@article{hart1968formal,
  title={A formal basis for the heuristic determination of minimum cost paths},
  author={Hart, Peter E and Nilsson, Nils J and Raphael, Bertram},
  journal={IEEE transactions on Systems Science and Cybernetics},
  volume={4},
  number={2},
  pages={100--107},
  year={1968},
  publisher={IEEE}
}% DONE

@article{nicholson1966bibs,
author = {Nicholson, T A J},
title = {Finding the Shortest Route between Two Points in a Network},
journal = {The Computer Journal},
volume = {9},
number = {3},
pages = {275-280},
year = {1966},
publisher = {Oxford University Press}
}% DONE

@article{dijkstra1959note,
  title={A note on two problems in connexion with graphs},
  author={Dijkstra, Edsger W},
  journal={Numerische Mathematik},
  volume={1},
  number={1},
  pages={269--271},
  year={1959},
  publisher={Springer}
}% DONE

